[gd_scene load_steps=7 format=3 uid="uid://dh6eq0dsqiir"]

[ext_resource type="Script" path="res://Scenes/CharacterSelectionScreen/CharacterSelection.gd" id="1"]
[ext_resource type="FontFile" path="res://Assets/Fonts/title.tres" id="2"]
[ext_resource type="PackedScene" uid="uid://bv06h1ofh30ni" path="res://UI/GeneralElements/PlayerCharacter.tscn" id="3"]
[ext_resource type="FontFile" uid="uid://blb468p8ipp8" path="res://Assets/Fonts/text.tres" id="4"]
[ext_resource type="PackedScene" uid="uid://ckindx6xgrew1" path="res://UI/Buttons/Button.tscn" id="5"]
[ext_resource type="Texture2D" uid="uid://n1co7tymyl0u" path="res://Assets/Icons/TitleScreen/BackIcon.png" id="6"]

[node name="CharacterSelection" type="Control"]
layout_mode = 3
anchors_preset = 15
anchor_right = 1.0
anchor_bottom = 1.0
grow_horizontal = 2
grow_vertical = 2
script = ExtResource("1")
__meta__ = {
"_edit_lock_": true
}

[node name="ColorRect" type="ColorRect" parent="."]
layout_mode = 0
anchor_right = 1.0
anchor_bottom = 1.0
color = Color(0, 0.0470588, 0.290196, 1)

[node name="Title" type="Label" parent="."]
layout_mode = 0
offset_left = 11.0
offset_top = 13.0
offset_right = 609.0
offset_bottom = 129.0
theme_override_fonts/font = ExtResource("2")
theme_override_font_sizes/font_size = 60
text = "Character Selection"

[node name="PlayersGrid" type="HBoxContainer" parent="."]
layout_mode = 1
anchors_preset = 14
anchor_top = 0.5
anchor_right = 1.0
anchor_bottom = 0.5
offset_left = 2.0
offset_top = -456.0
offset_bottom = 31.0
grow_horizontal = 2
grow_vertical = 2
alignment = 1

[node name="P1" parent="PlayersGrid" instance=ExtResource("3")]
layout_mode = 2
size_flags_horizontal = 3
patch_margin_left = 1
patch_margin_top = 1
patch_margin_right = 1
patch_margin_bottom = 1

[node name="P2" parent="PlayersGrid" instance=ExtResource("3")]
layout_mode = 2
size_flags_horizontal = 3
player_id = 2

[node name="MarginContainer" type="MarginContainer" parent="."]
layout_mode = 1
anchors_preset = 12
anchor_top = 1.0
anchor_right = 1.0
anchor_bottom = 1.0
offset_top = -468.0
grow_horizontal = 2
grow_vertical = 0
theme_override_constants/margin_left = 10
theme_override_constants/margin_top = 10
theme_override_constants/margin_right = 10
theme_override_constants/margin_bottom = 10

[node name="CharacterGrid" type="GridContainer" parent="MarginContainer"]
layout_mode = 2
theme_override_constants/h_separation = 150
theme_override_constants/v_separation = 30
columns = 3

[node name="PlayerCursors" type="Control" parent="."]
anchors_preset = 0
offset_right = 40.0
offset_bottom = 40.0

[node name="P2" type="Label" parent="PlayerCursors"]
visible = false
layout_mode = 0
offset_right = 40.0
offset_bottom = 40.0
theme_override_fonts/font = ExtResource("4")
text = "P2"

[node name="P1" type="Label" parent="PlayerCursors"]
visible = false
layout_mode = 0
offset_right = 40.0
offset_bottom = 40.0
theme_override_fonts/font = ExtResource("4")
text = "P1"

[node name="BackBtn" parent="." instance=ExtResource("5")]
layout_mode = 0
anchor_left = 1.0
anchor_right = 1.0
offset_left = -279.36
offset_top = 18.1766
offset_right = -11.3604
offset_bottom = 83.1766
button_label_text = "Back"
button_icon_texture = ExtResource("6")

[connection signal="pressed" from="BackBtn" to="." method="_on_BackBtn_pressed"]
