[gd_scene load_steps=10 format=2]

[ext_resource path="res://Scenes/CreditsScene/Credits.gd" type="Script" id=1]
[ext_resource path="res://Assets/Backgrounds/MenuBackground.png" type="Texture2D" id=2]
[ext_resource path="res://Assets/Fonts/title.tres" type="FontFile" id=3]
[ext_resource path="res://Assets/Fonts/text.tres" type="FontFile" id=4]
[ext_resource path="res://Scenes/CreditsScene/CreditsText.gd" type="Script" id=5]
[ext_resource path="res://UI/Buttons/Button.tscn" type="PackedScene" id=6]
[ext_resource path="res://Assets/Icons/TitleScreen/BackIcon.png" type="Texture2D" id=7]

[sub_resource type="StyleBoxEmpty" id=1]

[sub_resource type="StyleBoxEmpty" id=2]

[node name="Credits" type="Control"]
anchor_right = 1.0
anchor_bottom = 1.0
script = ExtResource( 1 )

[node name="ColorRect" type="TextureRect" parent="."]
anchor_right = 1.0
anchor_bottom = 1.0
offset_left = 0.307487
offset_top = -144.276
offset_right = 0.307495
offset_bottom = 215.724
texture = ExtResource( 2 )

[node name="Title" type="Label" parent="ColorRect"]
anchor_right = 1.0
offset_top = 264.888
offset_bottom = 393.888
theme_override_fonts/font = ExtResource( 3 )
text = "CREDITS"
align = 1

[node name="RichTextLabel" type="RichTextLabel" parent="ColorRect"]
anchor_left = 0.5
anchor_top = 0.5
anchor_right = 0.5
anchor_bottom = 0.5
offset_left = -465.5
offset_top = -287.846
offset_right = 465.5
offset_bottom = 408.154
focus_mode = 1
theme_override_styles/focus = SubResource( 1 )
theme_override_styles/normal = SubResource( 2 )
theme_override_fonts/normal_font = ExtResource( 4 )
theme_override_colors/default_color = Color( 0.392157, 0.392157, 0.392157, 1 )
theme_override_colors/font_color_selected = Color( 0, 0, 0, 1 )
bbcode_enabled = true
script = ExtResource( 5 )
fileDir = "res://Scenes/CreditsScene"
fileName = "credits"

[node name="PgUp" type="Label" parent="ColorRect"]
anchor_left = 0.5
anchor_top = 0.5
anchor_right = 0.5
anchor_bottom = 0.5
offset_left = -592.774
offset_top = -291.092
offset_right = 492.226
offset_bottom = -208.092
theme_override_fonts/font = ExtResource( 4 )
text = "PageUp
"

[node name="PgDown" type="Label" parent="ColorRect"]
anchor_left = 0.5
anchor_top = 0.5
anchor_right = 0.5
anchor_bottom = 0.5
offset_left = -632.94
offset_top = 376.557
offset_right = 452.06
offset_bottom = 416.557
theme_override_fonts/font = ExtResource( 4 )
text = "PageDown"

[node name="backBtn" parent="ColorRect" instance=ExtResource( 6 )]
anchor_top = 1.0
anchor_bottom = 1.0
offset_left = 9.97232
offset_top = -290.479
offset_right = 277.972
offset_bottom = -225.479
button_label_text = "Back"
button_icon_texture = ExtResource( 7 )
[connection signal="pressed" from="ColorRect/backBtn" to="." method="_on_backBtn_pressed"]
